3173 4198
1423 423 217 171 (Copy)

1784 643 461 154 Mar. 22, 1905.

584 895 605 151 Pres. H. Ayrinhae,

745 1049 773 129 St. Patricks's Seminary,

909 1213 528 105 Menlo Park, Cal.

580 1315 420 150 My dear Sir:

972 1448 1728 122 Your letter of the 21st inst. to Mr. Chas. G. Lathrop

580 1598 2169 105 has been refferred for answer to me. Acting for Mr. Lathrop I would

580 1738 2229 98 say that we shall be pleased to have the four representatives of St.

598 1868 2403 112 Patrick's Seminary attend the funeral of Mrs. Stanford and act as honorary

598 2004 2298 126 pallbearers. The services will occur in Memorial Church on the after-

573 2137 2229 115 noon of Friday, March 24th, the exercises beginning at 1:30 o'clock.

587 2270 2309 108 Will you kindly send me the names and official positions of your repre-

587 2392 1025 126 sentatives as soon as possible ?

1696 2403 1221 115 All honorary pallbearers are requested

584 2543 2291 108 to meet at Room 90, in the building just north of the western arch, in

601 2655 1221 147 the inner Qudrangle, not later than 1

1815 2613 287 98 o'clock

1952 2683 850 105 on the day of the funeral.

1700 2798 538 123 Very truly yours,

1952 3054 769 153 Chairmen of Committee.
