3266 4278
192 32 260 131 (I-I4-O5--5M.)

2916 39 260 128 Form 2113 B.

167 160 246 132 SUBJECT

527 160 927 135 Mrs. Stanford's Funeral.

181 420 204 86 OFFICE OF

1066 338 1187 132 SOUTHERN PACIFIC COMPANY.

228 427 388 143 JAMES AGLER

1436 417 450 82 (PACIFIC SYSTEM.)

342 509 182 100 MANAGER,

445 566 407 111 SAN FRANCISCO, CAL.

1722 417 413 246 jail. ?

1743 784 542 135 Mar.22,1905.

991 467 766 502 Owl._ not for

167 1030 592 125 Mr.C.A.Duniwau,

338 1133 2264 107 Chariman of Committee Leland Stanford Junior University,

178 1247 474 121 Dear Sir:--

809 1201 1002 114 Stanford University, Cal.

381 1368 2663 154 Replying to yours of Mar.21st in relation to arrangements for Mrs.

178 1515 2909 117 Stanford's funeral,it being suggested by Mr.Chas.G.Lathrop that it would

164 1661 2955 114 be suitable to have delegates present from the organizations of engineers,

171 1782 1907 125 conductors, etc. of the Southern Pacific Company:

381 1896 2425 143 You ask for names and adresses of the proper officers of the

174 2049 2870 114 organizations in order that you may communicate with them. I am afraid

178 2188 2717 107 you would not have time, as, for instance, the Chariman of the Order of

181 2310 2732 114 Railway Conductors is in Tucson, Arizona, and I would suggest that you

164 2456 2709 128 communicate with Mr. W. S. Palmer. Superintendent S.P.Co, Oakland Pied,

178 2591 2877 118 asking him to send 2 members of the Brotherhood of Locomotive Engineers,

181 2723 2739 100 2 members of the Brotherhood of Locomotive Firemen, 2 members of the

181 2859 2838 103 Order of Railway Conductors and 2 members of the Brotherhood of Railway

164 2987 2773 128 Trainmen, and Mr.Jas.C.Wilder, Supertintendent S.P.CO.,Third & Townsend

149 3126 2856 121 Streets,San Francisco, asking him for the same number. These gentlemen

181 3261 2874 111 can take matter up with their employes and ascertain who they would like

167 3401 2920 110 to represent them at Mrs.Stanford's funeral. This would make 16 members,

164 3532 2813 118 the number you request. In making selections, no doubt, Superintendents

149 3657 1234 121 will take our oldest employes.

1547 3711 510 139 Yours truyly,

2139 3657 720 346 Justins

153 3982 289 92 CC WSP,

299 4060 189 100 JCW.

2125 3996 338 114 Manager.
