3386 2206
253 53 1258 231 English notified ?

1966 137 424 105 Palo Alto,

354 395 918 110 The President's office,

2107 270 581 101 March 20,1905.

2517 147 107 73 1.

636 536 1091 94 Leland Stanford University.

196 805 2899 93 where I was an active member of the $$$ Central California Stanford Club,

722 678 2402 92 Dear sir:--I recently arrived in Palo Alto from Fresno, Cal.,

207 937 2743 96 composed of about thirty-five alumni and ex-Stanford students. I have

200 1071 2722 92 been asked by them to represent the said club in the funeral cortege

160 1207 2944 96 at the services over the body of the late Mrs. Jane L. Stanford. Fearing

200 1338 2757 84 that the notice from the president's office may not reach the club in

209 1474 2349 92 Fresno I take the liberty of informing you of their choice.

1600 1604 632 98 Yours sincerely,

1861 1735 921 108 Graham H. Beebe ex-'04.
