4233 5482
1133 146 2094 233 Golden Gate Kindergarten Association

2134 315 119 114 and

1622 388 1125 164 Free Normal Training School

2070 950 1993 173 San Francisco, Cal., March 21st 1905

923 1096 2190 269 Dr. John Casper Branner

1398 1292 1600 238 Stanford University

201 1484 845 238 Dear Sir

941 1566 3081 265 A line to inform you that the

178 1767 3968 293 Golden Gate Kindergarten Association (of which

127 1959 4042 320 the late Mrs. Stanford was Honorary President),

169 2151 3945 334 will be represented at the funeral by the following,

265 2325 3949 374 Miss Fitch, President, Mrs. Louis Sloss, vice President,

242 2544 3927 384 Miss Brown from the Board of Directors and

150 2709 4073 443 Mrs. Cyrus Walker as both director and ex-president

182 3097 1504 301 of the association.

1791 3060 2154 288 This information is sent

182 3225 3996 402 following the request in the newspaper notice

95 3467 3882 397 that all organizations desiring to be present

127 3682 3904 456 at the funeral, should communicate with

137 3992 2829 370 the President of the University.

1458 4349 1513 255 Sincerely yours,

2239 4490 1984 375 Sophia Pierce Brownell

246 4878 1710 293 (Mrs. E. E. Brownell)

2738 4878 1339 334 Corresponding Sec'y
