3266 4278
192 32 260 131 (I-I4-O5-5M.)

2916 39 260 128 Form 2113 B.

167 160 246 132 SUBJECT

527 160 927 135 Mrs. Stanford's Funeral.

181 420 204 86 OFFICE OF

228 427 388 143 JAMES AGLER

1066 338 1187 132 SOUTHERN PACIFIC COMPANY.

342 509 182 100 MANAGER,

1436 417 450 82 (PACIFIC SYSTEM.)

445 566 407 111 SAN FRANCISCO, CAL.

987 413 1148 560 Oel.- not for pall. ?

1743 784 542 135 Mar.22,1905.

149 1033 638 118 Mr.C.A.Duniway,

338 1133 2264 107 Chariman of Committee Leland Stanford Junior University,

153 1258 481 103 Dear Sir:--

798 1208 1027 111 Stanford University, Cal.

349 1368 2695 136 Replying to yours of Mar. 21st in relation to arrangements for Mrs.

160 1522 2927 121 Stanford's funeral, it being suggested by Mr. Chas. G. Lathrop that it would

164 1661 2955 114 be suitable to have delegates present from the organizations of engineers,

171 1782 1907 125 conductors, etc. of the Southern Pacific Company:

360 1910 2446 125 You ask for names and adresse⟦s⟧ of the proper officers of the

164 2064 2880 107 organizations in order that you may communicate with them. I am afraid

174 2185 2721 110 you would not have time, as, for instance, the Chariman of the Order of

171 2310 2742 117 Railway Conductors is in Tucson, Arizona, and I would suggest that you

156 2463 2714 118 communicate with Mr. W. S. Palmer. Superintendent S. P. Co., Oakland Pier,

171 2588 2884 121 asking him to send 2 members of the Brotherhood of Locomotive Engineers,

171 2720 2752 107 2 members of the Brotherhood of Locomotive Firemen, 2 members of the

174 2859 2853 103 Order of Railway Conductors and 2 members of the Brotherhood of Railway

156 2976 2792 143 Trainmen, and Mr. Jas. C. Wilder, Supertintendent S. P. Co.,Third & Townsend

146 3126 2859 111 Streets, San Francisco, asking him for the same number. These gentlemen

174 3261 2888 104 can take matter up with their employes and ascertain who they would like

160 3401 2927 110 to represent them at Mrs. Stanford's funeral. This would make 16 members,

156 3540 2828 110 the number you request. In making selections, no doubt, Superintendents

149 3664 1234 118 will take our oldest employes.

1554 3718 503 139 Yours truyly,

2139 3657 720 346 Justins

153 3982 289 92 CC WSP,

299 4060 189 100 JCW.

2128 3996 342 107 Manager.
