3346 4385
91 0 292 120 WILBUR F. GEORGE

237 62 571 98 GEORGE & HINSDALE

665 7 304 102 LESTER J. HINSDALE

270 182 530 92 ROOMS 3, 4 and 5, UP STAIRS

343 131 366 88 ATTORNEYS AT LAW

95 241 303 120 401 J STREET

351 303 369 95 TELEPHONE, OAK 9471

574 244 380 103 SACRAMENTO,CAL.

2300 350 618 198 March 22, 1905.

259 738 889 131 Dr. David Starr Jordan,

775 844 786 153 Stanford University,

1371 1001 161 128 Cal.

241 1129 812 135 Dear Doctor Jordan:

435 1235 2625 153 It was my intention to be present at the funeral of Mrs. Stanford

241 1399 2936 121 Friday afternoon at the University. The very serious condition and prob-

245 1534 2764 121 able death in a day or two of Judge McKune, an old and retired member

237 1662 2849 124 of our firm, makes it impossible for me to leave the office, much to my

245 1805 2863 124 regret. I had hoped as a member of the class of '95, who stood on Otc-

245 1929 2885 139 ober 1st, 1891, and listened to the words of the founders, to be present

248 2068 2728 109 and to pay my tribute when the survivor should be laid away. Though

245 2199 2936 132 my absence is necessary, I shall certainly be with you all in spirit. It

226 2324 2882 127 was not given to all of us to know Mrs. Stanford as you did, and to come

245 2451 2980 139 into such close contact with her, and to share so much her sorrows and her

237 2594 2794 124 joys. Your loss we all know and share, and I trust that some day

252 2722 2794 146 the real heroism of Mrs. Stanford will be appreciated in its fullness, not

248 2857 2275 132 only by the academic world, but by the people in general.

464 2992 958 146 With kind regards, I am,

1773 3117 428 160 Sincerely,

1963 3230 907 285 Lester J Hinsdale
