3146 4198
2208 556 493 154 Mar. 25, 1905.

447 682 1005 164 Most Rev. Patrick W. Riordan,

619 843 633 122 1100 Franklin St.,

776 990 669 115 San Francisco, Cal.

461 1098 413 140 My dear Sir:

832 1220 2062 137 I have just learned of the most unfortunate accident in connec-

472 1360 2313 130 tion with your attendance at the Memorial Church yesterday. The great

472 1500 2443 123 number of people made it necessary to instruct the ushers at the doors that

472 1623 2443 157 they should admit no one unless identified as a person ⟦on whose⟧ behalf re-

451 1770 1053 112 served seats had been provided.

1718 1784 1081 105 As we had been informed by letter

465 1917 2348 115 from Secretary John J. Cantwell, under date of March 21st, that you were

486 2043 2408 115 "quite unwell and cannot leave the city", we did not expect you and did not

465 2182 2443 130 instruct the doorkeepers to be on the watch for you. I regret the unfor-

454 2312 2335 112 tunate affair most sincerely and I trust that you will understand that

454 2427 2335 165 it was prompted by no lack of respect for ⟦one⟧ of Mrs. Stanford's oldest

444 2557 801 164 and most valued friends.

1322 2700 767 161 Very respectfully yours,

1977 3019 749 157 Chairman of Comittee.
