3146 4198
2208 528 451 178 Mar. 25, 1905.

465 671 938 158 Most Rev. Patrick W. Riordan,

626 846 619 123 1100 Franklin St.,

808 990 623 115 San Francisco, Cal.

482 1101 392 133 My dear Sir:

853 1220 2041 133 I have just learned of the most unfortunate accident in connec-

486 1371 2299 126 tion with your attendance at the Memorial Church yesterday. The great

486 1504 2429 122 number of people made it necessary to instruct the ushers at the doors that

489 1626 2426 158 they should admit no one unless identified as a person on whose behalf re-

465 1780 1039 102 served seats had been provided.

1721 1791 1078 101 As we had been informed by letter

475 1910 2338 119 from Secretary John J. Cantwell, under date of March 21st, that you were

493 2036 2401 129 "quite unwell and cannot leave the city", we did not expect you and did not

479 2186 2429 112 instruct the doorkeepers to be on the watch for you. I regret the unfor-

468 2319 2321 98 tunate affair most sincerely and I trust that you will understand that

475 2434 2317 158 it was prompted by no lack of respect for one of Mrs. Stanford's oldest

465 2588 780 130 and most valued friends.

1322 2700 767 161 Very respectfully yours,

2008 3012 679 181 Chairman of Comittee.
