4233 5482
1133 146 2094 233 Golden Gate Kindergarten Association

1622 388 1125 164 Free Normal Training School

2134 315 119 114 and

2015 973 832 141 San Francisco, Cal.,

2957 913 1193 206 March 21^st 1905

923 1096 2190 269 Dr. John Casper Branner

1398 1292 1600 238 Stanford University

201 1484 845 238 Dear Sir

178 1767 3968 293 Golden Gate Kindergarten Association (of which

941 1566 3081 265 A line to inform you that the

127 1959 4042 320 the late Mrs. Stanford was Honorary President),

169 2151 3945 334 will be represented at the funeral by the following,

265 2325 3949 374 Miss Fitch, President, Mrs. Louis Sloss, vice President,

242 2544 3927 384 Miss Brown from the Board of Directors and

137 2718 4086 434 Mrs. Cyrus Walker as both director and ex-president

146 3065 1540 315 of the association.

1791 3060 2154 288 This information is sent

182 3225 3996 402 following the request in the newspaper notice

95 3467 3882 397 that all organizations desiring to be present

127 3682 3904 456 at the funeral, should communicate with

137 3992 2829 370 the President of the University.

1462 4298 1619 311 Sincerely yours,

2166 4495 2057 361 Sophia Pierce Brownell

246 4878 1710 293 (Mrs. E. E. Brownell)

2738 4897 1339 310 Corresponding Sec'y
