4149 5432
1530 1262 1278 263 Redwood City, Cala.

2944 1344 883 163 March 21st, 1905

335 1960 883 140 Dear Dr. Jordan:-

588 2113 3370 159 I learned from the papers that it will be necessary to have tickets

357 2281 3637 163 to enter the chapel at the burial exercises of Mrs. Stanford. If this be

344 2448 3573 154 the case and you can spare the tickets, I would be very much obliged to

344 2625 3619 186 you for a couple. However, I do not want you to put yourself out in the

353 2797 3501 145 matter or send them to me if there are others who are more entitled to

344 2974 512 185 have them.

606 3123 3443 199 Thanking you kindly for past favors, and with kind regards, I remain,

2092 3313 793 154 Cordially Yours,

2233 3453 1780 367 L. P. Behrens
