2855 3766
1903 605 458 201 Mar. 21, 1905.

414 759 657 129 Mrs. Mary Wood Swift,

593 913 1250 94 State Regent, Daughters of Am. Revolution,

891 1029 578 100 San Francisco, Cal.

1595 997 484 135 834 Valencia St.

420 1139 380 128 Dear Madam:

750 1242 1866 113 Your letter of the 20th inst. to Mr. Chas. G. Lathrop has been

424 1371 2245 104 referred to me for answer. On yesterday morning I wrote to Mrs. William

430 1506 2202 103 B. Carr, regent of Sequoia Chapter of the Daughters of the American Revolu-

430 1622 2110 91 tion, in response to her request, indicating that a reservation of four

430 1735 2220 110 seats would be made for a representation of this organization at Mrs. Stan-

430 1854 2095 120 ford's funeral on Friday next. I assume that your request covers the

417 1958 2196 116 same ground. In case the delegation can be limited to three, I should be

417 2086 2035 120 glad to be informed of this as the pressure on the seating capacity

424 2199 2182 135 church is very great. As the time is getting short, while notifying me

424 2331 2182 123 of the names and official positions of your commitee, kindly also notify

439 2447 2183 123 the members that they are requested to report their presence on the Campus

424 2573 2173 122 at Room 55 in the inner Quadrangle, the building just east of the Church,

433 2683 2239 128 before one o'clock on the day of the funeral, from which place they will be

408 2805 2264 141 escorted to their seats in the Church. The exercises will begin promptly

417 2940 251 144 at 1:30.

1250 3053 486 141 Very truly yours,

1991 3270 684 150 Chaiman of Committee.
