2855 3766
1922 608 439 201 Mar. 21, 1905.

442 756 635 129 Mrs. Mary Wood Swift,

625 891 1218 106 State Regent, Daughters of Am. Revolution,

891 1029 578 100 San Francisco, Cal.

1595 997 484 135 834 Valencia St.

436 1142 364 100 Dear Madam:

766 1236 1850 129 Your letter of the 20th inst. to Mr. Chas. G. Lathrop has been

442 1380 2227 101 referred to me for answer. On yesterday morning I wrote to Mrs. William

455 1490 2177 104 B. Carr, regent of Sequoia Chapter of the Daughters of the American Revolu-

449 1613 2091 103 tion, in response to her request, indicating that a reservation of four

445 1735 2205 113 seats would be made for a representation of this organization at Mrs. Stan-

452 1867 2073 100 ford's funeral on Friday next. I assume that your request covers the

439 1958 2174 125 same ground. In case the delegation can be limited to three, I should be

430 2086 2022 126 glad to be informed of this as the pressure on the seating capacity

442 2203 2164 131 church is very great. As the time is getting short, while notifying me

442 2344 2168 113 of the names and official positions of your commitee, kindly also notify

461 2451 2161 119 the members that they are requested to report their presence on the Campus

445 2573 2158 122 at Room 55 in the inner Quadrangle, the building just east of the Church,

455 2689 2217 126 before one o'clock on the day of the funeral, from which place they will be

424 2805 2248 148 escorted to their seats in the Church. The exercises will begin promptly

433 2940 235 135 at 1:30.

1250 3053 486 141 Very truly yours,

1991 3270 684 150 Chaiman of Committee.
