<?xml version="1.0" encoding="UTF-8"?>
<alto xmlns:xsi="http://www.w3.org/2001/XMLSchema-instance"
      xmlns="http://www.loc.gov/standards/alto/ns-v4#"
      xsi:schemaLocation="http://www.loc.gov/standards/alto/ns-v4# http://www.loc.gov/standards/alto/v4/alto-4-2.xsd">
  <Description>
    <MeasurementUnit>pixel</MeasurementUnit>
    <sourceImageInformation>
      <fileName>Lettre241.jpg</fileName>
      
    </sourceImageInformation>
  </Description>
  
  <Layout>
    <Page WIDTH="3023"
          HEIGHT="3935"
          PHYSICAL_IMG_NR="0"
          ID="eSc_dummypage_">
      <PrintSpace HPOS="0"
                  VPOS="0"
                  WIDTH="3023"
                  HEIGHT="3935">
        

        
        <TextBlock ID="eSc_dummyblock_">
          
          
          <TextLine ID="eSc_line_3060ade0"
                    
                    BASELINE="1231 192 1830 185" 
                    HPOS="1227"
                    VPOS="118"
                    WIDTH="601"
                    HEIGHT="95">
            <Shape><Polygon POINTS="1230 190 1227 118 1821 118 1828 183 1824 203 1230 213"/></Shape>
	    <String CONTENT="BOARD OF TRUSTEES"
                    HPOS="1227"
                    VPOS="118"
                    WIDTH="601"
                    HEIGHT="95"></String>
          </TextLine>

          
          
          <TextLine ID="eSc_line_f4662066"
                    
                    BASELINE="1471 240 1599 243" 
                    HPOS="1467"
                    VPOS="190"
                    WIDTH="131"
                    HEIGHT="72">
            <Shape><Polygon POINTS="1470 239 1470 190 1595 193 1598 242 1595 255 1467 262"/></Shape>
	    <String CONTENT="OF THE"
                    HPOS="1467"
                    VPOS="190"
                    WIDTH="131"
                    HEIGHT="72"></String>
          </TextLine>

          
          
          <TextLine ID="eSc_line_0c731da2"
                    
                    BASELINE="861 318 2202 313" 
                    HPOS="853"
                    VPOS="229"
                    WIDTH="1346"
                    HEIGHT="112">
            <Shape><Polygon POINTS="859 314 853 252 1007 229 1007 229 1010 229 1010 229 1106 245 1125 229 1125 229 1129 229 1129 229 1129 229 1132 229 1132 229 1135 229 1135 229 1135 229 1221 245 1224 245 1227 245 1280 229 1283 229 1283 229 1283 229 1286 229 1286 229 1286 229 1355 245 1365 245 2189 236 2199 311 2192 341 856 334"/></Shape>
	    <String CONTENT="LELAND STANFORD JUNIOR UNIVERSITY"
                    HPOS="853"
                    VPOS="229"
                    WIDTH="1346"
                    HEIGHT="112"></String>
          </TextLine>

          
          
          <TextLine ID="eSc_line_3cf14f52"
                    
                    BASELINE="1283 394 1802 388" 
                    HPOS="1273"
                    VPOS="324"
                    WIDTH="528"
                    HEIGHT="82">
            <Shape><Polygon POINTS="1280 393 1273 327 1792 324 1801 386 1795 406 1276 403"/></Shape>
	    <String CONTENT="OFFICE OF SECRETARY"
                    HPOS="1273"
                    VPOS="324"
                    WIDTH="528"
                    HEIGHT="82"></String>
          </TextLine>

          
          
          <TextLine ID="eSc_line_d0830636"
                    
                    BASELINE="1175 491 1921 491" 
                    HPOS="1165"
                    VPOS="416"
                    WIDTH="755"
                    HEIGHT="108">
            <Shape><Polygon POINTS="1171 488 1165 439 1240 416 1243 416 1243 416 1243 416 1247 416 1247 416 1250 416 1250 416 1250 416 1293 436 1706 416 1710 416 1710 416 1920 439 1920 488 1920 514 1171 524"/></Shape>
	    <String CONTENT="433 MILLS BUILDING, SAN FRANCISCO"
                    HPOS="1165"
                    VPOS="416"
                    WIDTH="755"
                    HEIGHT="108"></String>
          </TextLine>

          
          
          <TextLine ID="eSc_line_6887cd6c"
                    
                    BASELINE="1823 713 2369 707" 
                    HPOS="1815"
                    VPOS="626"
                    WIDTH="551"
                    HEIGHT="141">
            <Shape><Polygon POINTS="1821 711 1815 626 2359 636 2366 705 2363 741 2090 764 2087 764 2087 764 2035 757 1949 747 1821 767"/></Shape>
	    <String CONTENT="March 20, 1905."
                    HPOS="1815"
                    VPOS="626"
                    WIDTH="551"
                    HEIGHT="141"></String>
          </TextLine>

          
          
          <TextLine ID="eSc_line_1e03c651"
                    
                    BASELINE="548 902 1181 895" 
                    HPOS="538"
                    VPOS="800"
                    WIDTH="640"
                    HEIGHT="134">
            <Shape><Polygon POINTS="544 901 538 813 948 823 978 816 1040 800 1043 800 1043 800 1047 800 1047 800 1171 819 1178 891 1171 924 1142 908 1115 924 1112 928 1109 928 1109 928 1109 928 1106 928 1106 928 1106 928 1102 928 1020 921 869 911 823 921 754 934 754 934 754 934 751 934 751 934 748 934 748 934 748 934 718 918 708 914 544 914"/></Shape>
	    <String CONTENT="Dr. J. C. Branner,"
                    HPOS="538"
                    VPOS="800"
                    WIDTH="640"
                    HEIGHT="134"></String>
          </TextLine>

          
          
          <TextLine ID="eSc_line_06504507"
                    
                    BASELINE="721 1023 1319 1020" 
                    HPOS="715"
                    VPOS="928"
                    WIDTH="601"
                    HEIGHT="127">
            <Shape><Polygon POINTS="718 1019 715 944 1230 928 1234 928 1234 928 1234 928 1316 947 1316 1019 1316 1046 1050 1055 1047 1055 1047 1055 1020 1052 945 1039 919 1052 919 1055 915 1055 915 1055 912 1055 912 1055 912 1055 909 1055 909 1055 909 1055 905 1055 905 1055 902 1055 902 1055 876 1039 718 1055"/></Shape>
	    <String CONTENT="Acting President,"
                    HPOS="715"
                    VPOS="928"
                    WIDTH="601"
                    HEIGHT="127"></String>
          </TextLine>

          
          
          <TextLine ID="eSc_line_217a25a4"
                    
                    BASELINE="901 1152 1870 1141" 
                    HPOS="896"
                    VPOS="1036"
                    WIDTH="971"
                    HEIGHT="124">
            <Shape><Polygon POINTS="899 1150 896 1052 1444 1055 1496 1039 1503 1039 1506 1039 1506 1039 1506 1039 1509 1039 1509 1039 1522 1039 1611 1055 1857 1036 1867 1137 1864 1160 896 1157"/></Shape>
	    <String CONTENT="Stanford University, Calif."
                    HPOS="896"
                    VPOS="1036"
                    WIDTH="971"
                    HEIGHT="124"></String>
          </TextLine>

          
          
          <TextLine ID="eSc_line_43062804"
                    
                    BASELINE="553 1269 899 1275" 
                    HPOS="544"
                    VPOS="1164"
                    WIDTH="352"
                    HEIGHT="147">
            <Shape><Polygon POINTS="551 1265 551 1164 725 1190 761 1173 771 1170 771 1170 771 1170 774 1170 774 1170 777 1170 777 1170 896 1183 896 1272 886 1311 804 1288 702 1288 682 1301 672 1308 669 1308 669 1308 669 1308 666 1308 666 1308 666 1308 663 1308 663 1308 544 1291"/></Shape>
	    <String CONTENT="Dear Sir:-"
                    HPOS="544"
                    VPOS="1164"
                    WIDTH="352"
                    HEIGHT="147"></String>
          </TextLine>

          
          
          <TextLine ID="eSc_line_8405f437"
                    
                    BASELINE="911 1400 2770 1382" 
                    HPOS="905"
                    VPOS="1278"
                    WIDTH="1861"
                    HEIGHT="141">
            <Shape><Polygon POINTS="909 1396 905 1295 984 1308 1004 1295 1007 1288 1007 1288 1010 1288 1010 1288 1010 1288 1014 1288 1014 1288 1014 1288 1017 1288 1017 1288 1060 1295 1115 1301 1204 1295 1306 1285 1309 1285 1309 1285 1309 1285 1312 1285 1312 1285 1335 1295 1358 1305 1378 1295 1398 1285 1398 1285 1398 1285 1401 1285 1401 1285 1404 1285 1519 1285 1519 1285 1519 1285 1568 1295 1618 1305 1631 1295 1644 1282 1644 1282 1647 1282 1647 1282 1647 1282 1650 1282 1650 1282 1650 1282 1654 1282 1654 1282 1657 1282 1657 1282 1657 1282 1683 1295 1700 1301 1772 1295 1910 1282 1910 1282 1913 1282 1913 1282 1985 1295 2015 1301 2021 1295 2035 1285 2035 1282 2035 1282 2038 1282 2038 1282 2038 1282 2041 1282 2041 1282 2044 1282 2044 1282 2044 1282 2048 1282 2090 1295 2100 1298 2103 1295 2120 1278 2120 1278 2123 1278 2123 1278 2123 1278 2126 1278 2126 1278 2126 1278 2130 1278 2130 1278 2225 1295 2225 1295 2228 1295 2297 1278 2300 1278 2300 1278 2304 1278 2304 1278 2304 1278 2307 1278 2307 1278 2350 1295 2356 1298 2359 1295 2379 1282 2382 1282 2382 1282 2382 1282 2386 1282 2386 1282 2389 1282 2760 1298 2766 1380 2763 1403 909 1419"/></Shape>
	    <String CONTENT="In addition to J. C. Partridge, Esq., Call Building,"
                    HPOS="905"
                    VPOS="1278"
                    WIDTH="1861"
                    HEIGHT="141"></String>
          </TextLine>

          
          
          <TextLine ID="eSc_line_f2538256"
                    
                    BASELINE="539 1521 2848 1512" 
                    HPOS="531"
                    VPOS="1419"
                    WIDTH="2314"
                    HEIGHT="112">
            <Shape><Polygon POINTS="538 1518 531 1429 2835 1419 2845 1511 2845 1524 538 1531"/></Shape>
	    <String CONTENT="and Wm. M. Abbott, Esq., Rialto Building, who have been selected"
                    HPOS="531"
                    VPOS="1419"
                    WIDTH="2314"
                    HEIGHT="112"></String>
          </TextLine>

          
          
          <TextLine ID="eSc_line_d340fdda"
                    
                    BASELINE="566 1641 2793 1620" 
                    HPOS="561"
                    VPOS="1528"
                    WIDTH="2228"
                    HEIGHT="118">
            <Shape><Polygon POINTS="564 1639 561 1547 2366 1547 2373 1544 2409 1528 2409 1528 2412 1528 2412 1528 2412 1528 2415 1528 2783 1544 2789 1619 2786 1633 564 1646"/></Shape>
	    <String CONTENT="to act as honorary pallbearers, the Elks have planned to send"
                    HPOS="561"
                    VPOS="1528"
                    WIDTH="2228"
                    HEIGHT="118"></String>
          </TextLine>

          
          
          <TextLine ID="eSc_line_2729c33d"
                    
                    BASELINE="566 1750 2814 1750" 
                    HPOS="564"
                    VPOS="1652"
                    WIDTH="2252"
                    HEIGHT="138">
            <Shape><Polygon POINTS="564 1747 564 1672 1056 1672 1138 1652 1138 1652 1138 1652 1142 1652 1142 1652 1145 1652 1145 1652 1145 1652 1178 1669 1355 1652 1355 1652 1358 1652 1358 1652 1362 1652 1362 1652 1401 1669 1417 1652 1417 1652 1421 1652 1421 1652 1421 1652 1424 1652 1424 1652 1427 1652 1582 1652 1582 1652 1582 1652 1585 1652 1585 1652 1585 1652 1588 1652 1611 1669 1634 1652 1637 1652 1637 1652 1637 1652 1641 1652 1641 1652 1644 1652 1644 1652 1824 1669 2274 1652 2277 1652 2612 1669 2744 1652 2744 1652 2747 1652 2747 1652 2750 1652 2816 1672 2812 1747 2809 1767 2691 1767 2684 1770 2665 1787 2665 1787 2661 1787 2661 1787 2661 1787 2658 1787 2658 1787 2658 1790 2560 1790 2556 1787 2556 1787 2553 1787 2553 1787 2553 1787 2550 1787 2550 1787 2533 1770 2527 1767 2465 1770 2287 1787 2287 1787 2284 1787 2284 1787 2281 1787 2281 1787 2281 1787 2254 1774 2238 1767 1847 1767 1788 1777 1736 1787 1736 1787 1733 1787 1733 1787 1664 1780 1572 1767 1526 1780 1503 1787 1500 1787 1500 1787 1500 1787 1496 1787 1496 1787 1440 1780 1335 1767 1312 1780 1306 1787 1303 1787 1303 1787 1303 1787 1299 1787 1299 1787 1296 1787 1296 1787 1257 1783 1155 1767 1086 1783 1073 1787 1070 1787 1070 1787 1066 1787 1004 1783 741 1770 564 1787"/></Shape>
	    <String CONTENT="their ten officers as representatives. These will consist of"
                    HPOS="564"
                    VPOS="1652"
                    WIDTH="2252"
                    HEIGHT="138"></String>
          </TextLine>

          
          
          <TextLine ID="eSc_line_3cbfed2d"
                    
                    BASELINE="569 1883 1083 1883" 
                    HPOS="567"
                    VPOS="1796"
                    WIDTH="512"
                    HEIGHT="105">
            <Shape><Polygon POINTS="567 1882 567 1796 1079 1800 1079 1882 1079 1892 567 1901"/></Shape>
	    <String CONTENT="the following:-"
                    HPOS="567"
                    VPOS="1796"
                    WIDTH="512"
                    HEIGHT="105"></String>
          </TextLine>

          
          
          <TextLine ID="eSc_line_a45cb496"
                    
                    BASELINE="907 1978 1343 1978" 
                    HPOS="905"
                    VPOS="1888"
                    WIDTH="437"
                    HEIGHT="109">
            <Shape><Polygon POINTS="905 1977 905 1888 1342 1915 1342 1977 1342 1993 905 1997"/></Shape>
	    <String CONTENT="E. C. Clark,"
                    HPOS="905"
                    VPOS="1888"
                    WIDTH="437"
                    HEIGHT="109"></String>
          </TextLine>

          
          
          <TextLine ID="eSc_line_ab3d99b0"
                    
                    BASELINE="914 2033 1364 2044" 
                    HPOS="905"
                    VPOS="1967"
                    WIDTH="457"
                    HEIGHT="102">
            <Shape><Polygon POINTS="912 2029 909 1970 1355 1967 1362 2042 1355 2069 905 2052"/></Shape>
	    <String CONTENT="T. W. Hickey,"
                    HPOS="905"
                    VPOS="1967"
                    WIDTH="457"
                    HEIGHT="102"></String>
          </TextLine>

          
          
          <TextLine ID="eSc_line_2051c6d8"
                    
                    BASELINE="916 2099 2244 2093" 
                    HPOS="912"
                    VPOS="2010"
                    WIDTH="1333"
                    HEIGHT="121">
            <Shape><Polygon POINTS="915 2098 912 2033 1388 2033 1398 2033 1467 2013 1470 2013 1470 2013 1473 2013 1473 2013 1473 2013 1477 2013 1477 2013 1522 2033 1529 2033 1542 2033 1634 2013 1634 2013 1634 2013 1637 2013 1795 2026 1821 2010 1824 2010 1824 2010 1824 2010 1828 2010 1828 2010 1831 2010 1831 2010 1831 2010 1929 2029 1998 2010 2002 2010 2002 2010 2002 2010 2005 2010 2235 2033 2241 2092 2245 2105 2179 2128 2176 2128 2176 2128 2176 2128 2172 2128 2172 2128 2169 2128 2169 2128 2123 2111 2038 2128 2038 2128 2038 2128 2035 2128 1752 2111 1733 2128 1733 2128 1729 2128 1729 2128 1729 2128 1726 2128 1726 2128 1726 2128 1575 2131 1572 2131 912 2111"/></Shape>
	    <String CONTENT="W. M. Abbott (Probably a substitute)"
                    HPOS="912"
                    VPOS="2010"
                    WIDTH="1333"
                    HEIGHT="121"></String>
          </TextLine>

          
          
          <TextLine ID="eSc_line_a45419f8"
                    
                    BASELINE="910 2161 1392 2155" 
                    HPOS="905"
                    VPOS="2095"
                    WIDTH="486"
                    HEIGHT="82">
            <Shape><Polygon POINTS="909 2160 905 2095 1385 2105 1391 2154 1391 2164 909 2177"/></Shape>
	    <String CONTENT="H. C. Wilber,"
                    HPOS="905"
                    VPOS="2095"
                    WIDTH="486"
                    HEIGHT="82"></String>
          </TextLine>

          
          
          <TextLine ID="eSc_line_5a2ca18f"
                    
                    BASELINE="922 2229 1318 2217" 
                    HPOS="915"
                    VPOS="2157"
                    WIDTH="401"
                    HEIGHT="79">
            <Shape><Polygon POINTS="919 2226 915 2157 1309 2160 1316 2216 1312 2229 919 2236"/></Shape>
	    <String CONTENT="G. E. Hunt,"
                    HPOS="915"
                    VPOS="2157"
                    WIDTH="401"
                    HEIGHT="79"></String>
          </TextLine>

          
          
          <TextLine ID="eSc_line_16bd2cd1"
                    
                    BASELINE="922 2291 1905 2278" 
                    HPOS="915"
                    VPOS="2193"
                    WIDTH="988"
                    HEIGHT="102">
            <Shape><Polygon POINTS="919 2288 915 2213 1349 2216 1388 2213 1490 2197 1490 2197 1493 2197 1493 2197 1496 2197 1555 2213 1568 2213 1582 2213 1680 2193 1680 2193 1680 2193 1683 2193 1897 2213 1903 2275 1900 2288 919 2295"/></Shape>
	    <String CONTENT="Herman Kohn, 233 Sutter St."
                    HPOS="915"
                    VPOS="2193"
                    WIDTH="988"
                    HEIGHT="102"></String>
          </TextLine>

          
          
          <TextLine ID="eSc_line_9a8ff43a"
                    
                    BASELINE="910 2340 1392 2353" 
                    HPOS="902"
                    VPOS="2269"
                    WIDTH="489"
                    HEIGHT="92">
            <Shape><Polygon POINTS="909 2338 905 2279 1263 2269 1266 2269 1266 2269 1388 2292 1391 2351 1385 2361 902 2357"/></Shape>
	    <String CONTENT="J. P. Broder,"
                    HPOS="902"
                    VPOS="2269"
                    WIDTH="489"
                    HEIGHT="92"></String>
          </TextLine>

          
          
          <TextLine ID="eSc_line_8ae41384"
                    
                    BASELINE="910 2402 1343 2402" 
                    HPOS="905"
                    VPOS="2331"
                    WIDTH="440"
                    HEIGHT="89">
            <Shape><Polygon POINTS="909 2400 905 2341 1263 2331 1266 2331 1266 2331 1270 2331 1345 2351 1342 2400 1342 2413 909 2420"/></Shape>
	    <String CONTENT="J. P. Dunne"
                    HPOS="905"
                    VPOS="2331"
                    WIDTH="440"
                    HEIGHT="89"></String>
          </TextLine>

          
          
          <TextLine ID="eSc_line_ab7889f4"
                    
                    BASELINE="910 2464 1491 2464" 
                    HPOS="905"
                    VPOS="2393"
                    WIDTH="585"
                    HEIGHT="82">
            <Shape><Polygon POINTS="909 2462 905 2397 1486 2393 1490 2462 1490 2472 909 2475"/></Shape>
	    <String CONTENT="C. W. Purrington"
                    HPOS="905"
                    VPOS="2393"
                    WIDTH="585"
                    HEIGHT="82"></String>
          </TextLine>

          
          
          <TextLine ID="eSc_line_993a671c"
                    
                    BASELINE="1701 2464 2034 2464" 
                    HPOS="1700"
                    VPOS="2390"
                    WIDTH="331"
                    HEIGHT="108">
            <Shape><Polygon POINTS="1700 2462 1700 2390 2031 2397 2031 2462 2031 2498 1700 2498"/></Shape>
	    <String CONTENT="Trustees."
                    HPOS="1700"
                    VPOS="2390"
                    WIDTH="331"
                    HEIGHT="108"></String>
          </TextLine>

          
          
          <TextLine ID="eSc_line_5755c7d2"
                    
                    BASELINE="916 2532 1367 2526" 
                    HPOS="912"
                    VPOS="2456"
                    WIDTH="453"
                    HEIGHT="91">
            <Shape><Polygon POINTS="915 2531 912 2456 1358 2469 1365 2524 1365 2534 915 2547"/></Shape>
	    <String CONTENT="H. J. Cordes"
                    HPOS="912"
                    VPOS="2456"
                    WIDTH="453"
                    HEIGHT="91"></String>
          </TextLine>

          
          
          <TextLine ID="eSc_line_401f4094"
                    
                    BASELINE="548 2645 2727 2645" 
                    HPOS="541"
                    VPOS="2551"
                    WIDTH="2183"
                    HEIGHT="121">
            <Shape><Polygon POINTS="544 2643 544 2564 836 2570 889 2561 938 2551 938 2551 938 2551 942 2551 942 2551 942 2551 945 2551 945 2551 964 2561 991 2570 1129 2557 1194 2554 1198 2554 1198 2554 1247 2557 1368 2570 1470 2557 1519 2551 1519 2551 1522 2551 1522 2551 1526 2551 1526 2551 1542 2557 1582 2570 1733 2554 1788 2551 1788 2551 1792 2551 1792 2551 1795 2551 1811 2554 1877 2570 2100 2554 2146 2551 2149 2551 2149 2551 2149 2551 2153 2551 2153 2551 2153 2551 2156 2551 2156 2554 2186 2574 2359 2574 2432 2551 2435 2551 2438 2551 2438 2551 2442 2551 2442 2551 2442 2551 2451 2551 2553 2570 2593 2551 2593 2551 2593 2551 2593 2551 2596 2551 2596 2551 2599 2551 2599 2551 2599 2551 2602 2551 2602 2551 2602 2551 2602 2551 2606 2551 2606 2551 2625 2567 2721 2551 2724 2643 2721 2672 541 2662"/></Shape>
	    <String CONTENT="If Mr. Herman Kohn is notified as to the time and place they"
                    HPOS="541"
                    VPOS="2551"
                    WIDTH="2183"
                    HEIGHT="121"></String>
          </TextLine>

          
          
          <TextLine ID="eSc_line_ce4f9a3a"
                    
                    BASELINE="565 2775 2814 2766" 
                    HPOS="551"
                    VPOS="2672"
                    WIDTH="2261"
                    HEIGHT="131">
            <Shape><Polygon POINTS="564 2774 551 2698 584 2679 587 2679 587 2679 587 2679 590 2679 590 2679 594 2679 594 2679 594 2679 597 2679 653 2695 715 2679 718 2679 718 2679 722 2679 1283 2695 1306 2695 1312 2695 1440 2675 1440 2675 1444 2675 1444 2675 1444 2675 1526 2692 1664 2675 1664 2675 1667 2675 1667 2675 1667 2675 1670 2675 1726 2692 1870 2675 1870 2675 1874 2675 1874 2675 1877 2675 1877 2675 1926 2692 2419 2675 2422 2675 2422 2675 2527 2688 2576 2672 2576 2672 2579 2672 2579 2672 2579 2672 2583 2672 2806 2692 2812 2764 2809 2784 1362 2784 1326 2797 1312 2800 1312 2800 1309 2800 1309 2800 1306 2800 1148 2797 603 2787 567 2803"/></Shape>
	    <String CONTENT="are to meet your committee prior to the service he will inform"
                    HPOS="551"
                    VPOS="2672"
                    WIDTH="2261"
                    HEIGHT="131"></String>
          </TextLine>

          
          
          <TextLine ID="eSc_line_9abd661e"
                    
                    BASELINE="548 2896 946 2896" 
                    HPOS="544"
                    VPOS="2820"
                    WIDTH="401"
                    HEIGHT="108">
            <Shape><Polygon POINTS="544 2895 544 2820 945 2823 945 2895 942 2918 636 2911 544 2928"/></Shape>
	    <String CONTENT="the others."
                    HPOS="544"
                    VPOS="2820"
                    WIDTH="401"
                    HEIGHT="108"></String>
          </TextLine>

          
          
          <TextLine ID="eSc_line_7ae446ac"
                    
                    BASELINE="928 3008 2753 3000" 
                    HPOS="922"
                    VPOS="2908"
                    WIDTH="1828"
                    HEIGHT="128">
            <Shape><Polygon POINTS="925 3006 922 2931 2054 2931 2061 2928 2130 2908 2133 2908 2133 2908 2136 2908 2136 2908 2136 2908 2140 2908 2140 2908 2140 2908 2143 2908 2143 2908 2143 2911 2156 2921 2172 2908 2172 2908 2176 2908 2176 2908 2179 2908 2179 2908 2179 2908 2182 2908 2182 2908 2186 2908 2186 2908 2186 2908 2222 2925 2271 2908 2274 2908 2274 2908 2274 2908 2277 2908 2277 2908 2281 2908 2281 2908 2281 2908 2317 2925 2484 2908 2484 2908 2487 2908 2744 2928 2750 2997 2747 3020 968 3020 928 3036"/></Shape>
	    <String CONTENT="Your request that I serve as a pallbearer has been"
                    HPOS="922"
                    VPOS="2908"
                    WIDTH="1828"
                    HEIGHT="128"></String>
          </TextLine>

          
          
          <TextLine ID="eSc_line_cc648438"
                    
                    BASELINE="565 3121 2874 3121" 
                    HPOS="561"
                    VPOS="3033"
                    WIDTH="2311"
                    HEIGHT="137">
            <Shape><Polygon POINTS="564 3118 561 3049 787 3033 791 3033 791 3033 899 3049 928 3052 935 3049 951 3033 951 3033 951 3033 955 3033 955 3033 958 3033 958 3033 958 3033 961 3033 961 3033 961 3033 964 3033 964 3033 1004 3049 1014 3056 1401 3056 1408 3049 1444 3033 1444 3033 1444 3033 1447 3033 1447 3033 1450 3033 1575 3033 1575 3033 1575 3033 1578 3033 1578 3033 1624 3049 1631 3052 1670 3049 1900 3033 1903 3033 1903 3033 1903 3033 1907 3033 1907 3033 1907 3033 1910 3033 1936 3052 1939 3052 1946 3052 2008 3036 2012 3036 2012 3036 2015 3036 2015 3036 2143 3052 2153 3052 2156 3052 2179 3033 2179 3033 2182 3033 2182 3033 2182 3033 2186 3033 2186 3033 2189 3033 2189 3033 2189 3033 2291 3052 2297 3052 2307 3052 2494 3033 2494 3033 2497 3033 2497 3033 2501 3033 2573 3052 2599 3033 2602 3033 2602 3033 2602 3033 2606 3033 2606 3033 2609 3033 2701 3033 2701 3033 2701 3033 2704 3033 2704 3033 2704 3033 2744 3052 2747 3056 2872 3056 2872 3118 2868 3151 2734 3141 2711 3154 2691 3167 2688 3167 2688 3167 2688 3167 2684 3167 2684 3167 2684 3170 2619 3170 2615 3167 2615 3167 2612 3167 2612 3167 2612 3167 2589 3154 2560 3141 2199 3141 2179 3157 2176 3161 2176 3161 2172 3161 2172 3161 2172 3161 2169 3161 2169 3161 2169 3161 2166 3161 2166 3161 2163 3161 2149 3157 2100 3144 2067 3157 2048 3167 2048 3167 2044 3167 2044 3167 2044 3167 2041 3167 2041 3167 2041 3167 2038 3167 2012 3157 1956 3141 1861 3161 1815 3167 1815 3167 1815 3167 1811 3167 1811 3167 1811 3167 1775 3161 1696 3141 1664 3161 1657 3167 1654 3167 1654 3167 1654 3167 1650 3167 1650 3167 1647 3167 1647 3167 1647 3167 1644 3167 1644 3167 1641 3167 1641 3167 1641 3164 1634 3161 1611 3141 1572 3141 1532 3161 1526 3167 1522 3167 1522 3167 1519 3167 1519 3167 1519 3167 1516 3167 1516 3167 1480 3161 1378 3144 1312 3164 1299 3167 1296 3167 1296 3167 1296 3167 1293 3167 1293 3167 1289 3167 1289 3167 1289 3167 1280 3164 1234 3141 1145 3164 1132 3167 1129 3167 1129 3167 1129 3170 731 3170 728 3167 728 3167 725 3167 725 3167 725 3167 725 3167 722 3167 722 3167 692 3144 564 3167"/></Shape>
	    <String CONTENT="received and I will be at the Residence at about twelve o&#39;clock"
                    HPOS="561"
                    VPOS="3033"
                    WIDTH="2311"
                    HEIGHT="137"></String>
          </TextLine>

          
          
          <TextLine ID="eSc_line_776ca35c"
                    
                    BASELINE="565 3250 850 3250" 
                    HPOS="564"
                    VPOS="3157"
                    WIDTH="282"
                    HEIGHT="148">
            <Shape><Polygon POINTS="564 3249 564 3157 846 3184 846 3249 843 3305 754 3302 754 3302 754 3302 751 3302 751 3302 738 3295 672 3266 564 3279"/></Shape>
	    <String CONTENT="Friday."
                    HPOS="564"
                    VPOS="3157"
                    WIDTH="282"
                    HEIGHT="148"></String>
          </TextLine>

          
          
          <TextLine ID="eSc_line_5b1c7ca5"
                    
                    BASELINE="1473 3371 2096 3371" 
                    HPOS="1467"
                    VPOS="3282"
                    WIDTH="627"
                    HEIGHT="128">
            <Shape><Polygon POINTS="1470 3370 1470 3282 2094 3298 2094 3370 2090 3410 1467 3393"/></Shape>
	    <String CONTENT="Very truly yours,"
                    HPOS="1467"
                    VPOS="3282"
                    WIDTH="627"
                    HEIGHT="128"></String>
          </TextLine>

          
          
          <TextLine ID="eSc_line_05d817e5"
                    
                    BASELINE="1784 3553 2727 3562" 
                    HPOS="1775"
                    VPOS="3384"
                    WIDTH="949"
                    HEIGHT="213">
            <Shape><Polygon POINTS="1782 3551 1775 3439 1893 3384 1893 3384 1897 3384 1897 3384 1897 3384 1900 3384 1969 3390 1969 3390 1972 3390 1972 3390 1972 3390 1975 3390 1975 3390 2008 3420 2058 3384 2061 3384 2061 3384 2061 3384 2064 3384 2064 3384 2067 3384 2228 3387 2228 3387 2228 3387 2231 3387 2231 3387 2231 3387 2235 3387 2333 3452 2343 3462 2409 3462 2422 3456 2491 3413 2494 3413 2494 3413 2494 3413 2497 3413 2497 3413 2501 3413 2501 3413 2501 3413 2504 3413 2504 3413 2507 3413 2507 3413 2570 3459 2576 3466 2721 3466 2724 3561 2721 3574 2638 3593 2638 3593 2638 3593 2635 3593 2635 3593 2635 3593 2576 3580 2560 3593 2560 3597 2560 3597 2556 3597 2556 3597 2556 3597 2553 3597 2553 3597 2550 3597 2550 3597 2379 3580 2369 3580 2359 3580 2268 3593 2268 3593 2264 3593 2264 3593 2264 3593 2261 3593 2261 3593 2258 3593 2258 3593 2245 3580 2231 3574 2133 3574 2123 3584 2113 3590 2113 3593 2113 3593 2110 3593 2110 3593 2110 3593 2107 3593 2107 3593 2103 3593 2103 3593 2103 3593 2061 3584 2018 3574 2002 3587 1998 3590 1998 3590 1995 3590 1995 3590 1995 3590 1992 3590 1992 3590 1992 3590 1989 3590 1989 3590 1985 3590 1985 3590 1985 3590 1975 3587 1949 3574 1779 3587"/></Shape>
	    <String CONTENT="Geo. E. Crothers"
                    HPOS="1775"
                    VPOS="3384"
                    WIDTH="949"
                    HEIGHT="213"></String>
          </TextLine>

          
        </TextBlock>
        
      </PrintSpace>
    </Page>
  </Layout>
</alto>
