3146 4198
174 171 564 101 ROOM 422, CROSSLEY BUILDING

234 94 430 101 JOHN F. ENGLISH

325 24 238 115 LAW OFFICE

276 223 346 91 Telephone Bush 738

297 444 1022 150 Professor C. A. Duniway,

591 549 1137 122 Stanford University, Calif.,

1662 454 451 147 SAN FRANCISCO,

2127 409 592 150 March 22, 1905.

591 615 955 105 Dear professor Duniway,

822 685 2009 147 I forgot to say, in mine of yesterday, that I had

311 741 2621 151 asked Henry Taylor, 656 Mission St., S. F. to act in the place of

290 804 2576 147 ⟦r⟧. L. S. Beedy, as honorary pallbearer, for the Stanford Club

297 888 2660 130 of San Francisco, at the funeral of Mrs. Stanford, Mr. beedy hav-

318 951 2506 136 ing been asked to act as a direct pall bearer. That make-s our

304 1014 1491 119 six honorary pall bearers as follows;

507 1080 2432 168 C. K. Field, C. M. Fickert, P. M. Downing, Henry Taylor, Dr.

311 1140 1526 129 J. B. Frankenheimer, and O. A. Wilson.

500 1259 2355 164 I am informed that the special train for the San Francisco

297 1329 2758 192 people will not leave Palo Alto until the funeral exercises are well

290 1423 1158 123 over, giving all ample time.

293 1612 2706 168 we are going to send, on behalf of several different organisations,

493 1532 2471 161 I presume, that, as regards the several flower offerings that

290 1682 2632 175 including our own, that we can direct the florist to take them to

283 1749 1396 157 the church and there install them.

1256 1882 591 157 Very sincerely,

1462 1976 844 360 J. F. English
