<?xml version="1.0" encoding="UTF-8"?>
<alto xmlns:xsi="http://www.w3.org/2001/XMLSchema-instance"
      xmlns="http://www.loc.gov/standards/alto/ns-v4#"
      xsi:schemaLocation="http://www.loc.gov/standards/alto/ns-v4# http://www.loc.gov/standards/alto/v4/alto-4-2.xsd">
  <Description>
    <MeasurementUnit>pixel</MeasurementUnit>
    <sourceImageInformation>
      <fileName>Lettre49.jpg</fileName>
      
    </sourceImageInformation>
  </Description>
  
  <Layout>
    <Page WIDTH="3146"
          HEIGHT="4198"
          PHYSICAL_IMG_NR="0"
          ID="eSc_dummypage_">
      <PrintSpace HPOS="0"
                  VPOS="0"
                  WIDTH="3146"
                  HEIGHT="4198">
        

        
        <TextBlock ID="eSc_dummyblock_">
          
          
          <TextLine ID="eSc_line_2322aaad"
                    
                    BASELINE="182 205 739 226" 
                    HPOS="174"
                    VPOS="171"
                    WIDTH="564"
                    HEIGHT="101">
            <Shape><Polygon POINTS="181 202 181 171 738 178 738 223 731 272 174 248"/></Shape>
	    <String CONTENT="ROOM 422, CROSSLEY BUILDING"
                    HPOS="174"
                    VPOS="171"
                    WIDTH="564"
                    HEIGHT="101"></String>
          </TextLine>

          
          
          <TextLine ID="eSc_line_acd72b77"
                    
                    BASELINE="240 154 667 161" 
                    HPOS="234"
                    VPOS="94"
                    WIDTH="430"
                    HEIGHT="101">
            <Shape><Polygon POINTS="237 153 237 94 664 115 664 160 661 192 234 195"/></Shape>
	    <String CONTENT="JOHN F. ENGLISH"
                    HPOS="234"
                    VPOS="94"
                    WIDTH="430"
                    HEIGHT="101"></String>
          </TextLine>

          
          
          <TextLine ID="eSc_line_05700049"
                    
                    BASELINE="334 103 566 111" 
                    HPOS="325"
                    VPOS="24"
                    WIDTH="238"
                    HEIGHT="115">
            <Shape><Polygon POINTS="332 101 332 24 563 52 563 108 556 139 325 132"/></Shape>
	    <String CONTENT="LAW OFFICE"
                    HPOS="325"
                    VPOS="24"
                    WIDTH="238"
                    HEIGHT="115"></String>
          </TextLine>

          
          
          <TextLine ID="eSc_line_bbc0dedb"
                    
                    BASELINE="284 270 624 277" 
                    HPOS="276"
                    VPOS="223"
                    WIDTH="346"
                    HEIGHT="91">
            <Shape><Polygon POINTS="283 269 283 223 619 230 622 276 615 314 276 304"/></Shape>
	    <String CONTENT="Telephone"
                    HPOS="276"
                    VPOS="223"
                    WIDTH="346"
                    HEIGHT="91"></String>
          </TextLine>

          
          
          <TextLine ID="eSc_line_be01f811"
                    
                    BASELINE="313 516 1260 545" 
                    HPOS="307"
                    VPOS="454"
                    WIDTH="952"
                    HEIGHT="140">
            <Shape><Polygon POINTS="311 514 311 454 1256 479 1259 542 1252 594 773 566 307 573"/></Shape>
	    <String CONTENT="Professor C. A. Duniway,"
                    HPOS="307"
                    VPOS="454"
                    WIDTH="952"
                    HEIGHT="140"></String>
          </TextLine>

          
          
          <TextLine ID="eSc_line_8ecc8fce"
                    
                    BASELINE="631 581 1731 639" 
                    HPOS="622"
                    VPOS="531"
                    WIDTH="1106"
                    HEIGHT="151">
            <Shape><Polygon POINTS="629 580 626 538 832 531 836 531 836 531 839 531 839 531 839 531 843 531 843 531 843 535 846 535 846 535 853 549 857 552 1193 566 1196 566 1256 542 1256 542 1259 542 1259 542 1259 542 1263 542 1263 542 1266 542 1266 542 1347 570 1466 552 1466 552 1469 552 1655 563 1655 563 1655 563 1658 563 1658 563 1728 594 1728 636 1721 682 1378 650 1210 661 1182 661 1179 661 997 654 997 654 997 654 993 654 993 654 990 654 986 650 958 633 937 647 937 650 937 650 934 650 934 650 930 650 930 650 930 650 927 650 622 633"/></Shape>
	    <String CONTENT="Stanford University, Calif.,"
                    HPOS="622"
                    VPOS="531"
                    WIDTH="1106"
                    HEIGHT="151"></String>
          </TextLine>

          
          
          <TextLine ID="eSc_line_7886d491"
                    
                    BASELINE="1666 545 2114 552" 
                    HPOS="1662"
                    VPOS="454"
                    WIDTH="451"
                    HEIGHT="147">
            <Shape><Polygon POINTS="1665 542 1672 458 1690 472 1746 465 1812 454 1812 454 1816 454 1816 454 1816 454 1819 454 1819 454 1868 475 1928 500 2106 500 2113 549 2110 591 1662 601"/></Shape>
	    <String CONTENT="SAN FRANCISCO,"
                    HPOS="1662"
                    VPOS="454"
                    WIDTH="451"
                    HEIGHT="147"></String>
          </TextLine>

          
          
          <TextLine ID="eSc_line_e43643f0"
                    
                    BASELINE="2136 509 2722 523" 
                    HPOS="2127"
                    VPOS="409"
                    WIDTH="592"
                    HEIGHT="150">
            <Shape><Polygon POINTS="2134 507 2131 412 2281 409 2285 409 2285 409 2288 409 2288 409 2288 409 2292 409 2292 409 2292 412 2302 423 2323 440 2390 426 2421 423 2421 423 2421 423 2425 423 2425 423 2428 423 2428 423 2428 423 2432 423 2432 423 2432 426 2435 426 2439 430 2449 447 2565 447 2572 440 2614 419 2614 419 2614 419 2617 419 2617 419 2621 419 2621 419 2621 419 2624 419 2719 451 2719 521 2712 559 2127 552"/></Shape>
	    <String CONTENT="March 22, 1905."
                    HPOS="2127"
                    VPOS="409"
                    WIDTH="592"
                    HEIGHT="150"></String>
          </TextLine>

          
          
          <TextLine ID="eSc_line_70c50d1e"
                    
                    BASELINE="631 653 1528 697" 
                    HPOS="622"
                    VPOS="612"
                    WIDTH="903"
                    HEIGHT="122">
            <Shape><Polygon POINTS="629 650 629 612 1525 640 1525 696 1518 734 622 699"/></Shape>
	    <String CONTENT="Dear professor Duniway,"
                    HPOS="622"
                    VPOS="612"
                    WIDTH="903"
                    HEIGHT="122"></String>
          </TextLine>

          
          
          <TextLine ID="eSc_line_f5a667ae"
                    
                    BASELINE="862 718 2802 791" 
                    HPOS="853"
                    VPOS="671"
                    WIDTH="1946"
                    HEIGHT="158">
            <Shape><Polygon POINTS="860 717 860 671 1424 692 1459 685 1511 675 1511 675 1511 675 1515 675 1515 675 1518 675 1518 675 1518 675 1546 689 1560 696 1571 689 1581 678 1581 678 1585 678 1585 678 1588 678 1588 678 1588 678 1592 678 1592 678 1693 692 1798 706 1917 699 1966 696 1970 696 1970 696 1970 696 1973 696 1973 696 1977 696 1977 696 1980 699 1998 713 2033 703 2050 696 2054 696 2054 696 2054 696 2057 696 2257 703 2257 703 2257 703 2285 710 2369 727 2397 710 2397 710 2400 710 2400 710 2404 710 2404 710 2404 710 2407 710 2407 710 2411 710 2421 713 2484 727 2796 724 2799 790 2796 822 2432 825 2428 825 2428 825 2425 825 2372 811 2337 804 2327 811 2302 829 2299 829 2299 829 2299 829 2295 829 2295 829 2295 829 2292 829 2292 829 2288 829 2218 808 2201 804 2190 808 2159 825 2159 825 2159 825 2155 825 2155 825 2155 825 2152 825 2152 825 2148 825 2148 825 2096 804 2089 804 2075 804 1977 818 1977 818 1973 818 1973 818 1973 818 1970 818 1970 818 1966 818 1966 818 1966 815 1966 815 1952 801 1945 794 1928 801 1903 815 1903 815 1903 815 1900 815 1900 815 1900 815 1896 815 1896 815 1893 815 1893 815 1854 801 1823 787 1805 797 1791 811 1791 811 1788 811 1788 811 1784 811 1784 811 1784 811 1781 811 1781 811 1686 794 1634 787 1620 794 1609 804 1609 804 1606 804 1606 804 1602 804 1602 804 1602 804 1599 804 1599 804 1599 804 1595 804 1560 794 1501 773 1448 790 1420 797 1417 797 1417 797 1417 797 1413 797 1413 797 1410 797 1375 787 1305 769 1245 783 1235 787 1231 787 1231 787 1228 787 1228 787 1228 787 1224 787 1224 787 1221 787 1221 787 1217 783 1189 762 1154 783 1144 787 1144 787 1144 787 1140 787 1140 787 1137 787 853 773"/></Shape>
	    <String CONTENT="I forgot to say, in mine of yesterday, that I had"
                    HPOS="853"
                    VPOS="671"
                    WIDTH="1946"
                    HEIGHT="158"></String>
          </TextLine>

          
          
          <TextLine ID="eSc_line_3c3ce795"
                    
                    BASELINE="334 798 2932 863" 
                    HPOS="328"
                    VPOS="741"
                    WIDTH="2601"
                    HEIGHT="151">
            <Shape><Polygon POINTS="332 797 328 748 909 741 913 741 913 741 1007 759 1060 766 1112 759 1196 748 1196 748 1200 748 1200 748 1312 762 1396 773 1770 769 1973 769 1977 769 1977 769 1980 769 1980 769 1980 769 1984 769 1984 769 1987 773 2008 790 2218 794 2327 780 2355 776 2355 776 2358 776 2358 776 2362 776 2362 776 2362 776 2369 780 2407 797 2666 787 2670 787 2670 787 2796 808 2922 790 2929 860 2922 892 328 825"/></Shape>
	    <String CONTENT="asked Henry Taylor, 656 Mission St., S. F. to act in the place of"
                    HPOS="328"
                    VPOS="741"
                    WIDTH="2601"
                    HEIGHT="151"></String>
          </TextLine>

          
          
          <TextLine ID="eSc_line_b76b5f6d"
                    
                    BASELINE="421 849 2852 928" 
                    HPOS="409"
                    VPOS="804"
                    WIDTH="2439"
                    HEIGHT="165">
            <Shape><Polygon POINTS="419 846 419 804 2530 857 2530 857 2533 857 2540 857 2603 874 2624 860 2628 860 2628 860 2628 860 2628 860 2631 860 2631 860 2635 860 2635 860 2635 860 2638 860 2638 860 2638 860 2638 860 2642 860 2670 878 2841 867 2848 927 2841 958 2519 951 2449 969 2446 969 2446 969 2442 969 2442 969 2442 969 2323 941 2309 941 2285 941 2047 955 2043 955 2043 955 2043 955 2040 955 2040 955 2040 955 1994 930 1994 930 1966 930 1599 941 1595 941 1105 909 738 913 734 913 734 913 587 885 528 906 528 906 524 906 524 906 521 906 521 906 521 906 517 906 409 874"/></Shape>
	    <String CONTENT=". L. S. Beedy, as honorary pallbearer, for the Stanford Club"
                    HPOS="409"
                    VPOS="804"
                    WIDTH="2439"
                    HEIGHT="165"></String>
          </TextLine>

          
          
          <TextLine ID="eSc_line_c3abda67"
                    
                    BASELINE="320 914 2932 993" 
                    HPOS="311"
                    VPOS="846"
                    WIDTH="2621"
                    HEIGHT="182">
            <Shape><Polygon POINTS="318 913 318 846 447 850 447 850 447 850 451 850 451 850 451 850 451 850 454 850 454 850 489 881 857 888 944 867 955 867 955 867 955 867 958 867 958 867 958 867 962 867 969 871 1053 895 1406 888 1410 888 1410 888 1410 888 1413 888 1413 888 1417 888 1417 888 1417 888 1434 906 1473 892 1473 892 1476 892 1476 892 1480 892 1886 916 1935 906 1987 895 1987 895 1987 895 1991 895 1991 895 1991 895 1994 895 1994 895 1994 895 2019 909 2047 923 2120 913 2152 909 2152 909 2155 909 2393 923 2628 937 2638 934 2656 920 2659 920 2659 920 2659 920 2663 920 2663 920 2663 920 2666 920 2666 920 2670 920 2670 920 2712 934 2740 944 2782 937 2876 923 2876 923 2880 923 2880 923 2880 923 2883 923 2883 923 2932 944 2929 990 2922 1028 311 962"/></Shape>
	    <String CONTENT="of San Francisco, at the funeral of Mrs. Stanford, Mr. beedy hav-"
                    HPOS="311"
                    VPOS="846"
                    WIDTH="2621"
                    HEIGHT="182"></String>
          </TextLine>

          
          
          <TextLine ID="eSc_line_480ca52a"
                    
                    BASELINE="342 986 2838 1059" 
                    HPOS="332"
                    VPOS="937"
                    WIDTH="2502"
                    HEIGHT="171">
            <Shape><Polygon POINTS="339 983 339 937 2834 1018 2834 1056 2831 1091 2761 1108 2761 1108 2761 1108 2757 1108 2757 1108 2757 1108 2754 1108 2754 1108 2712 1091 2712 1091 2705 1091 2358 1098 2355 1098 1984 1073 1861 1066 1795 1070 1665 1077 1662 1077 1662 1077 1662 1077 1658 1077 1658 1077 1658 1077 1655 1077 1655 1077 1655 1073 1644 1066 1637 1059 1602 1066 1539 1073 1539 1073 1536 1073 1536 1073 1536 1073 1532 1073 1532 1073 1532 1073 1529 1073 1529 1073 1518 1063 1508 1056 1469 1063 1410 1070 1410 1070 1406 1070 1406 1070 1406 1070 1343 1059 1287 1049 1238 1056 1200 1063 1200 1063 1200 1063 1196 1063 1196 1063 1126 1056 1032 1039 332 1035"/></Shape>
	    <String CONTENT="ing been asked to act as a direct pall bearer. That make_s our"
                    HPOS="332"
                    VPOS="937"
                    WIDTH="2502"
                    HEIGHT="171"></String>
          </TextLine>

          
          
          <TextLine ID="eSc_line_05b5d21e"
                    
                    BASELINE="334 1051 1796 1095" 
                    HPOS="328"
                    VPOS="1007"
                    WIDTH="1467"
                    HEIGHT="140">
            <Shape><Polygon POINTS="332 1049 332 1007 1791 1052 1795 1094 1795 1126 1732 1147 1728 1147 1728 1147 1725 1147 1725 1147 1497 1122 1452 1119 1410 1122 1242 1133 1238 1133 1238 1133 1238 1133 1235 1133 1235 1133 1235 1133 1203 1119 1193 1112 1175 1115 1133 1129 1130 1129 1130 1129 1126 1129 1126 1129 1126 1129 1056 1115 1021 1108 937 1112 836 1119 832 1119 832 1119 832 1119 829 1119 829 1119 808 1112 776 1098 745 1108 727 1115 727 1115 724 1115 724 1115 720 1115 720 1115 717 1115 717 1115 699 1108 664 1098 328 1101"/></Shape>
	    <String CONTENT="six honorary pall bearers as follows;"
                    HPOS="328"
                    VPOS="1007"
                    WIDTH="1467"
                    HEIGHT="140"></String>
          </TextLine>

          
          
          <TextLine ID="eSc_line_e55c7a67"
                    
                    BASELINE="320 1189 1839 1239" 
                    HPOS="314"
                    VPOS="1143"
                    WIDTH="1523"
                    HEIGHT="144">
            <Shape><Polygon POINTS="318 1185 318 1143 1837 1192 1837 1238 1833 1269 1676 1287 1676 1287 1672 1287 1672 1287 1553 1266 1532 1262 1515 1266 1441 1280 1441 1280 1441 1280 1438 1280 1438 1280 1434 1280 1434 1280 1434 1280 1431 1280 1406 1262 1396 1259 1343 1262 1186 1269 1182 1269 1182 1269 1182 1269 1179 1269 1179 1269 1147 1255 1123 1248 1084 1255 1028 1266 1028 1266 1028 1266 1025 1266 437 1245 437 1245 437 1245 433 1245 433 1245 433 1245 430 1245 430 1245 426 1241 409 1227 314 1238"/></Shape>
	    <String CONTENT="J. B. Frankenheimer, and O. A. Wilson."
                    HPOS="314"
                    VPOS="1143"
                    WIDTH="1523"
                    HEIGHT="144"></String>
          </TextLine>

          
          
          <TextLine ID="eSc_line_bd05a74b"
                    
                    BASELINE="522 1116 2910 1196" 
                    HPOS="517"
                    VPOS="1073"
                    WIDTH="2391"
                    HEIGHT="172">
            <Shape><Polygon POINTS="521 1115 521 1073 2904 1147 2908 1192 2901 1234 2638 1227 2631 1227 2589 1245 2589 1245 2586 1245 2586 1245 2582 1245 2582 1245 2582 1245 2495 1224 2470 1220 2456 1224 2418 1238 2418 1238 2414 1238 2414 1238 2411 1238 2411 1238 2271 1220 2218 1213 2211 1217 2194 1231 2190 1231 2190 1231 2190 1231 2187 1231 2187 1231 2183 1231 1928 1224 1928 1224 1816 1206 1711 1192 1536 1199 1389 1206 1385 1206 1385 1206 1385 1206 1322 1196 1259 1182 1221 1192 1189 1199 1186 1199 1186 1199 1186 1199 1182 1199 1182 1199 1112 1189 1025 1175 986 1185 962 1192 958 1192 958 1192 955 1192 745 1185 745 1185 745 1185 741 1185 741 1185 738 1185 738 1185 738 1182 734 1182 734 1178 720 1164 517 1171"/></Shape>
	    <String CONTENT="C. K. Field, C. M. Fickert, P. M. Downing, Henry Taylor, Dr."
                    HPOS="517"
                    VPOS="1073"
                    WIDTH="2391"
                    HEIGHT="172"></String>
          </TextLine>

          
          
          <TextLine ID="eSc_line_a8c6472a"
                    
                    BASELINE="537 1326 2831 1399" 
                    HPOS="528"
                    VPOS="1255"
                    WIDTH="2299"
                    HEIGHT="172">
            <Shape><Polygon POINTS="535 1325 535 1255 654 1280 748 1262 759 1262 759 1262 762 1262 762 1262 787 1262 990 1290 1011 1273 1011 1273 1014 1273 1014 1273 1014 1273 1014 1273 1018 1273 1018 1273 1018 1273 1021 1273 1021 1273 1035 1273 1144 1294 1196 1280 1210 1276 1214 1276 1214 1276 1217 1276 1217 1276 1284 1283 1455 1304 1578 1294 1616 1294 1620 1294 1620 1294 1620 1294 1655 1297 1732 1311 1749 1301 1767 1294 1767 1294 1767 1294 1770 1294 1770 1294 1774 1294 1774 1294 1774 1294 1777 1294 1777 1294 1777 1294 1781 1294 1781 1294 1791 1304 1805 1315 1861 1308 1907 1301 1907 1301 1910 1301 1910 1301 1910 1301 1914 1301 1914 1301 1917 1301 1917 1301 1928 1308 1938 1318 1973 1311 2022 1301 2022 1301 2022 1301 2026 1301 2026 1301 2029 1301 2029 1301 2029 1301 2033 1301 2033 1301 2047 1315 2061 1322 2103 1315 2162 1308 2162 1308 2166 1308 2166 1308 2166 1308 2250 1322 2292 1329 2306 1325 2337 1311 2337 1311 2341 1311 2341 1311 2344 1311 2344 1311 2344 1311 2348 1311 2348 1311 2386 1329 2400 1332 2418 1329 2481 1315 2481 1315 2481 1315 2484 1315 2824 1346 2827 1395 2820 1427 528 1371"/></Shape>
	    <String CONTENT="I am informed that the special train for the San Francisco"
                    HPOS="528"
                    VPOS="1255"
                    WIDTH="2299"
                    HEIGHT="172"></String>
          </TextLine>

          
          
          <TextLine ID="eSc_line_896fe311"
                    
                    BASELINE="305 1399 3026 1464" 
                    HPOS="304"
                    VPOS="1346"
                    WIDTH="2719"
                    HEIGHT="168">
            <Shape><Polygon POINTS="304 1395 304 1346 1238 1371 1256 1364 1263 1357 1266 1357 1266 1357 1266 1357 1270 1357 1270 1357 1273 1357 1273 1357 1273 1357 1277 1357 1277 1357 1294 1364 1322 1374 1382 1364 1420 1360 1420 1360 1424 1360 1424 1360 1494 1367 1613 1381 1700 1371 1746 1367 1746 1367 1749 1367 1749 1367 1753 1367 1753 1367 1753 1367 1756 1367 1763 1374 1788 1388 2071 1392 2120 1381 2131 1378 2134 1378 2134 1378 2138 1378 2138 1378 2138 1378 2141 1378 2152 1381 2204 1395 2264 1381 2278 1381 2278 1381 2278 1381 2281 1381 2281 1381 2281 1381 2285 1381 2285 1381 2288 1381 2327 1402 2750 1409 3020 1399 3023 1462 3016 1514 591 1441 304 1448"/></Shape>
	    <String CONTENT="people will not leave Palo Alto until the funeral exercises are well"
                    HPOS="304"
                    VPOS="1346"
                    WIDTH="2719"
                    HEIGHT="168"></String>
          </TextLine>

          
          
          <TextLine ID="eSc_line_1a9b2c6c"
                    
                    BASELINE="320 1464 1449 1493" 
                    HPOS="311"
                    VPOS="1416"
                    WIDTH="1137"
                    HEIGHT="126">
            <Shape><Polygon POINTS="318 1462 318 1416 1445 1444 1448 1490 1445 1528 1053 1542 1049 1542 1049 1542 1046 1542 1046 1542 997 1525 990 1521 979 1521 899 1539 899 1539 899 1539 895 1539 895 1539 892 1539 892 1539 850 1521 846 1521 843 1521 745 1535 745 1535 741 1535 311 1511"/></Shape>
	    <String CONTENT="over, giving all ample time."
                    HPOS="311"
                    VPOS="1416"
                    WIDTH="1137"
                    HEIGHT="126"></String>
          </TextLine>

          
          
          <TextLine ID="eSc_line_4350f1fd"
                    
                    BASELINE="508 1594 2961 1674" 
                    HPOS="503"
                    VPOS="1525"
                    WIDTH="2457"
                    HEIGHT="147">
            <Shape><Polygon POINTS="507 1591 507 1525 615 1546 955 1542 958 1542 1466 1574 1536 1560 1539 1560 1543 1560 1578 1577 1658 1556 1672 1556 1676 1556 1679 1556 1683 1556 1686 1560 1721 1581 1893 1588 1980 1567 1984 1567 1987 1567 1991 1567 1994 1567 1998 1567 2064 1591 2197 1574 2208 1574 2211 1574 2215 1574 2222 1574 2327 1602 2614 1588 2617 1588 2621 1588 2624 1588 2757 1616 2803 1595 2806 1595 2810 1595 2960 1598 2960 1672 2957 1609 503 1602"/></Shape>
	    <String CONTENT="I presume, that, as regards the several flower offerings that"
                    HPOS="503"
                    VPOS="1525"
                    WIDTH="2457"
                    HEIGHT="147"></String>
          </TextLine>

          
          
          <TextLine ID="eSc_line_a50c469a"
                    
                    BASELINE="298 1666 2968 1746" 
                    HPOS="290"
                    VPOS="1612"
                    WIDTH="2677"
                    HEIGHT="172">
            <Shape><Polygon POINTS="297 1665 297 1612 2964 1693 2967 1745 2960 1784 2848 1766 2796 1780 2792 1780 2789 1780 2789 1780 2785 1780 2708 1777 2019 1742 1763 1749 1732 1749 1728 1749 1728 1749 1728 1749 1725 1749 1725 1749 1721 1749 1683 1728 290 1703"/></Shape>
	    <String CONTENT="we are going to send, on behalf of several different organisations,"
                    HPOS="290"
                    VPOS="1612"
                    WIDTH="2677"
                    HEIGHT="172"></String>
          </TextLine>

          
          
          <TextLine ID="eSc_line_6f945bef"
                    
                    BASELINE="327 1724 2888 1804" 
                    HPOS="318"
                    VPOS="1672"
                    WIDTH="2569"
                    HEIGHT="189">
            <Shape><Polygon POINTS="325 1721 325 1672 2883 1749 2887 1801 2880 1861 2558 1836 2488 1847 2467 1850 2467 1850 2467 1850 2463 1850 2463 1850 2460 1850 2460 1850 2460 1850 2456 1850 2453 1847 2425 1829 2355 1843 2330 1847 2330 1847 2327 1847 2327 1847 2253 1840 2068 1819 1886 1826 1774 1829 1770 1829 1770 1829 1672 1819 1536 1801 1473 1812 1438 1815 1438 1815 1434 1815 1434 1815 1434 1815 1431 1815 1431 1815 1427 1815 1427 1815 1420 1808 1403 1798 1242 1801 1116 1805 1112 1805 1112 1805 1109 1805 1077 1798 1046 1787 1021 1794 997 1801 993 1801 993 1801 993 1801 990 1801 990 1801 986 1801 986 1801 986 1801 983 1801 969 1791 951 1780 318 1766"/></Shape>
	    <String CONTENT="including our own, that we can direct the florist to take them to"
                    HPOS="318"
                    VPOS="1672"
                    WIDTH="2569"
                    HEIGHT="189"></String>
          </TextLine>

          
          
          <TextLine ID="eSc_line_88f4921b"
                    
                    BASELINE="305 1797 1666 1833" 
                    HPOS="300"
                    VPOS="1735"
                    WIDTH="1365"
                    HEIGHT="164">
            <Shape><Polygon POINTS="304 1794 304 1735 1665 1784 1665 1829 1662 1892 1452 1899 1448 1899 1448 1899 1445 1899 1445 1899 1445 1899 1424 1889 1385 1871 1154 1885 1067 1889 1063 1889 1063 1889 1011 1882 846 1857 759 1875 759 1875 759 1875 755 1875 755 1875 755 1875 752 1875 696 1857 664 1875 664 1878 661 1878 661 1878 661 1878 657 1878 657 1878 654 1878 654 1878 650 1878 650 1878 650 1878 643 1875 598 1854 542 1875 538 1875 535 1875 535 1875 535 1875 531 1875 531 1875 514 1875 395 1854 300 1868"/></Shape>
	    <String CONTENT="the church and there install them."
                    HPOS="300"
                    VPOS="1735"
                    WIDTH="1365"
                    HEIGHT="164"></String>
          </TextLine>

          
          
          <TextLine ID="eSc_line_26de521a"
                    
                    BASELINE="1264 1956 1850 1982" 
                    HPOS="1256"
                    VPOS="1882"
                    WIDTH="591"
                    HEIGHT="157">
            <Shape><Polygon POINTS="1263 1955 1263 1889 1627 1910 1697 1885 1704 1882 1704 1882 1707 1882 1707 1882 1711 1882 1847 1885 1847 1980 1840 2039 1511 2011 1448 2032 1434 2039 1434 2039 1431 2039 1431 2039 1427 2039 1256 2029"/></Shape>
	    <String CONTENT="Very sincerely,"
                    HPOS="1256"
                    VPOS="1882"
                    WIDTH="591"
                    HEIGHT="157"></String>
          </TextLine>

          
          
          <TextLine ID="eSc_line_bfbeb2d1"
                    
                    BASELINE="1508 2107 2231 2127" 
                    HPOS="1501"
                    VPOS="1983"
                    WIDTH="731"
                    HEIGHT="336">
            <Shape><Polygon POINTS="1504 2105 1515 1983 1592 2032 1858 2036 1907 2015 1907 2015 1910 2015 1910 2015 1910 2015 1914 2015 1914 2015 1917 2015 1917 2015 1991 2043 2040 1997 2040 1997 2040 1997 2043 1997 2043 1997 2043 1997 2047 1997 2047 1997 2050 1997 2232 2001 2229 2126 2222 2231 2064 2231 2036 2252 1959 2319 1959 2319 1956 2319 1956 2319 1956 2319 1952 2319 1952 2319 1952 2319 1949 2319 1949 2319 1739 2280 1672 2270 1644 2291 1637 2298 1637 2298 1634 2298 1634 2298 1634 2298 1630 2298 1630 2298 1630 2298 1627 2298 1627 2298 1623 2298 1609 2294 1553 2280 1501 2305"/></Shape>
	    <String CONTENT="J. F. E"
                    HPOS="1501"
                    VPOS="1983"
                    WIDTH="731"
                    HEIGHT="336"></String>
          </TextLine>

          
        </TextBlock>
        
      </PrintSpace>
    </Page>
  </Layout>
</alto>
